@book{VSM,
   author    = "{Friedemann Schulz von Thun}",
   title     = "{Miteinander Reden}",
   publisher = "{Reinbek bei Hamburg}",
   year      = "1981",
   volume    = 1
}

@article{VBM,
   author    = "{Bernadette Schorn und Alexander Voigt}",
   title     = "{Das Vier-Bämmen-Modell}",
   publisher = "{Studienverlag Dresden}",
   year      = "2016",
   journal   = "{Journal für angewandte Philologie}"
}
